
@misc{Stephens,
 author = "Caleb Stephens",
 title = "After MP3: The Past, Present and Future of Audio Codecs",
 howpublished = "\url{https://www.premiumbeat.com/blog/past-present-future-audio-codecs/}",
}

@misc{Logvinov,
 author= "Maxim Logvinov",
 title="Základy stratového kódovania zvuku. Testovanie beta verzie Opus 1.3",
 howpublished="\url{https://habr.com/ru/post/346532/}",
}

@misc{Laukkonen,
 author= "Jeremy Laukkonen",
 title= "Aux vs. Bluetooth: What's the Difference?",
 howpublished = "\url{https://www.lifewire.com/bluetooth-audio-vs-aux-connections-4076519}",
}

@misc{ValdikSS,
 author = "ValdikSS",
 title = "Zvuk cez Bluetooth: čo najviac podrobností o profiloch, kodekoch a zariadeniach",
 howpublished = "\url{https://habr.com/ru/post/427997/}",
}

@misc{Zukov,
 author = "Maxim Žukov",
 title = "TOP 5: Bluetooth audio kodeky",
 howpublished = "\url{https://headphonesbest.ru/info/top-5-bluetooth-audio-kodekov-24595}",
}

@misc{bibliografia,
 author = "Ján Lang",
 title = "Bibliografia a citovanie v technickom texte",
 howpublished = "\url{http://www2.fiit.stuba.sk/~lang/mip/prednasky/p03_mip.pdf}",
}

@misc{plagiatorstvo,
 author = "Ján Lang",
 title = "Vedecké publikovanie v informatike. Plagiátorstvo a ako sa mu vyhnúť",
 howpublished = "\url{http://www2.fiit.stuba.sk/~lang/mip/prednasky/p09_povodneP8.pdf}",
}

@misc{Vizualizacia,
 author = "Ján Lang",
 title = "Grafické vyjadrenie informácií v informatike",
 howpublished = "\url{http://www2.fiit.stuba.sk/~lang/mip/prednasky/p04_mip.pdf}",
}
